@inproceedings{william_t_oconnell_distributed_1994,
 abbr = {Conference},
 author = {O'Connell, William T. and Thiruvathukal, George K. and Christopher, Thomas W.},
 booktitle = {International {{Conference}} on {{Parallel Processing}}},
 copyright = {Creative Commons Attribution-NonCommercial-ShareAlike 4.0 International License (CC-BY-NC-SA)},
 pages = {II},
 shorttitle = {Distributed {{Memo}}},
 title = {Distributed {{Memo}}: {{A Heterogeneously Parallel}} and {{Distributed Software Programming Environment}}},
 year = {1994},
 url = {https://ecommons.luc.edu/cs_facpubs/44/},
 pdf = {https://ecommons.luc.edu/cs_facpubs/44/},
}

