@inproceedings{x_shen_novel_2000,
 abbr = {IEEE},
 abstract = {Our results demonstrate that our novel application development environment provides both ease-of-use and high performance for large-scale, I/O-intensive scientific applications.},
 address = {ACM, 2 Penn Plaza, Suite 701, New York, NY 10121-0701, USA},
 author = {Shen, Xiaohui and Liao, Wei-Keng and Choudhary, Alok N. and Memik, Gokhan and Kandemir, Mahmut and More, Sachin and Thiruvathukal, George K. and Singh, Arti},
 booktitle = {Proceedings of the International Conference on Supercomputing},
 copyright = {Creative Commons Attribution-NonCommercial-ShareAlike 4.0 International License (CC-BY-NC-SA)},
 isbn = {978-1-58113-270-0},
 title = {A Novel Application Development Environment for Large-scale Scientific Computations},
 year = {2000},
 url = {https://ecommons.luc.edu/cs_facpubs/48/},
 pdf = {https://ecommons.luc.edu/cs_facpubs/48/},
}

