@inproceedings{george_k_thiruvathukal_electronic_2006,
 abbr = {Poster},
 author = {Thiruvathukal, George K. and Frantzen, Allen J.},
 booktitle = {Chicago Colloquium on Digital Humanities and Computer Science},
 title = {Electronic Editing of Anglo-Saxon Texts},
 month = {11},
 year = {2006},
 abstract = {Poster presentation/demonstration at the first Chicago Colloquium on Digital Humanities about editing of Old English texts and the Anglo-Saxon project.},
 url = {https://ecommons.luc.edu/cs_facpubs/56/},
 html = {https://ecommons.luc.edu/cs_facpubs/56/},
 pdf = {https://ecommons.luc.edu/cs_facpubs/56/},
}

