@inproceedings{kaylor_simplifying_2012,
 abbr = {IEEE},
 author = {Kaylor, Joe P. and LÃ¤ufer and Thiruvathukal, George K.},
 booktitle = {International {{Conference}} on {{Electro Information Technology}} 2012},
 copyright = {Creative Commons Attribution-NonCommercial-ShareAlike 4.0 International License (CC-BY-NC-SA)},
 title = {Simplifying Domain Modeling and Memory Management in User-Mode Filesystems with the {{NOFS}} Framework},
 year = {2012},
 url = {https://ecommons.luc.edu/cs_facpubs/62/},
 pdf = {https://ecommons.luc.edu/cs_facpubs/62/},

}

