@inproceedings{adrienne_decker_research_2016,
 abbr = {IEEE},
 address = {Piscataway, NJ},
 author = {Decker, Adrienne and Payton, Jamie and Eiselt, Kurt and Barnes, Tiffany and Thiruvathukal, George K.},
 copyright = {Creative Commons Attribution-NonCommercial-ShareAlike 4.0 International License (CC-BY-NC-SA)},
 publisher = {IEEE},
 shorttitle = {2016 Research on Equity and Sustained Participation in Engineering, Computing, and Technology (RESPECT) RESPECT 2016},
 title = {Research on Equity and Sustained Participation in Engineering, Computing, and Technology (RESPECT) RESPECT 2016},
 urldate = {2018-01-07},
 year = {2016}
}

