@inproceedings{david_b_dennis_computer_2017,
 abbr = {Presentation},
 author = {Dennis, David B. and Thiruvathukal, George K.},
 booktitle = {CESTEMER Conference: Cultivating Ensembles in STEM Education and Research},
 title = {Computer Science and Cultural History: A Dialogue},
 year = {2017},
 url = {https://ecommons.luc.edu/history_facpubs/42/},
 html = {https://ecommons.luc.edu/history_facpubs/42/},
 pdf = {https://ecommons.luc.edu/history_facpubs/42/},
}

