@inproceedings{arxiv.2204.06128,
abbr = {Conference},
selected = {true},
  doi = {10.48550/ARXIV.2204.06128},
  url = {https://arxiv.org/abs/2204.06128},
  author = {Yang, Yucheng and West, Jack and Thiruvathukal, George K. and Klingensmith, Neil and Fawaz, Kassem},
  title = {Are You Really Muted?: A Privacy Analysis of Mute Buttons in Video Conferencing Apps},
  booktitle = {Proceedings of 22nd Privacy Enhancing Technologies Symposium (PETS 2022)},
  year = {2022},
  html = {https://ecommons.luc.edu/cs_facpubs/287/},
  pdf = {https://ecommons.luc.edu/cs_facpubs/287/}
}

