@INPROCEEDINGS{9870012,
 author={Tung, Caleb and Goel, Abhinav and Hu, Xiao and Eliopoulos, Nick and Amobi, Emmanuel S. and Thiruvathukal, George K. and Chaudhary, Vipin and Lu, Yung-Hsiang},
 booktitle={2022 IEEE 4th International Conference on Artificial Intelligence Circuits and Systems (AICAS)},
  title={Irrelevant Pixels are Everywhere: Find and Exclude Them for More Efficient Computer Vision},
  year={2022},
 volume={},
 number={},
 pages={340-343},
 url={https://ecommons.luc.edu/cs_facpubs/293/},
 doi={10.1109/AICAS54282.2022.9870012}}
