@INPROCEEDINGS{9805359,
  author={Veselsky, Jakob and West, Jack and Ahlgren, Isaac and Thiruvathukal, George K. and Klingensmith, Neil and Goel, Abhinav and Jiang, Wenxin and Davis, James C. and Lee, Kyuin and Kim, Younghyun},
  booktitle={2022 2nd Workshop on Data-Driven and Intelligent Cyber-Physical Systems for Smart Cities Workshop (DI-CPS)}, 
  title={Establishing Trust in Vehicle-to-Vehicle Coordination: A Sensor Fusion Approach}, 
  year={2022},
  volume={},
  number={},
  pages={7-13},
  keywords={Visualization;Protocols;Smart cities;Conferences;Vehicular ad hoc networks;Sensor fusion;Hazards;Computer Vision;zero involvement pairing and authentication;autonomous driving},
  doi={10.1109/DI-CPS56137.2022.00008}}
