@INPROCEEDINGS{9870012,
 author={Davis, James C. and Jajal, Purvish and Jiang, Wenxin and Schorlemmer, Taylor R and Synovic, Nicholas and Thiruvathukal, George K., },
 booktitle={{IEEE John Vincent Atanasoff Symposium on Modern Computing}},
  title={{Reusing Deep Learning Models: Challenges and Directions in Software Engineering}},
  year={2023},
  url={https://ecommons.luc.edu/cs_facpubs/325/},
  doi={https://doi.org/10.6084/m9.figshare.23317556}
}
