@INPROCEEDINGS{10387479,
  author={Davis, James C. and Jajal, Purvish and Jiang, Wenxin and Schorlemmer, Taylor R. and Synovic, Nicholas and Thiruvathukal, George K.},
  booktitle={2023 IEEE John Vincent Atanasoff International Symposium on Modern Computing (JVA)},
  title={Reusing Deep Learning Models: Challenges and Directions in Software Engineering},
  year={2023},
  volume={},
  number={},
  pages={17-30},
  keywords={Training;Performance evaluation;Industries;Adaptation models;Costs;Computational modeling;Artificial neural networks;Machine learning;Deep learning;Pre-trained models;Re-use;Empirical software engineering;Position;Vision},
  doi={10.1109/JVA60410.2023.00015}}
