@INPROCEEDINGS{10173952,
author={Jiang, Wenxin and Synovic, Nicholas and Jajal, Purvish and Schorlemmer, Taylor R. and Tewari, Arav and Pareek, Bhavesh and Thiruvathukal, George K. and Davis, James C.},
booktitle={2023 IEEE/ACM 20th International Conference on Mining Software Repositories (MSR)},
title={PTMTorrent: A Dataset for Mining Open-source Pre-trained Model Packages},
year={2023},
volume={},
number={},
pages={57-61},
keywords={Deep learning;Training;Limiting;Documentation;Metadata;Software;Data mining;Open-Source Software;Data Mining;Machine learning;Empirical software engineering},
doi={10.1109/MSR59073.2023.00021}}
