@INPROCEEDINGS{10172757,
author={Jiang, Wenxin and Synovic, Nicholas and Hyatt, Matt and Schorlemmer, Taylor R. and Sethi, Rohan and Lu, Yung-Hsiang and Thiruvathukal, George K. and Davis, James C.},
booktitle={2023 IEEE/ACM 45th International Conference on Software Engineering (ICSE)},
title={An Empirical Study of Pre-Trained Model Reuse in the Hugging Face Deep Learning Model Registry},
year={2023},
volume={},
number={},
pages={2463-2475},
keywords={Deep learning;Systematics;Biological system modeling;Ecosystems;Decision making;Supply chains;Standardization;Software reuse;Empirical software engineering;Machine learning;Deep learning;Software supply chain;Engineering decision making;Cybersecurity;Trust},
doi={10.1109/ICSE48619.2023.00206}}
