@INPROCEEDINGS{UnoAPI-10027537,
  author={LÃ¤ufer, Konstantin and Thiruvathukal, George K.},
  booktitle={2022 IEEE/ACM International Workshop on Education for High Performance Computing (EduHPC)}, 
  title={UnoAPI: Balancing Performance, Portability, and Productivity (P3) in HPC Education}, 
  year={2022},
  volume={},
  number={},
  pages={1-10},
  url={https://unoapi.cs.luc.edu},
  doi={10.1109/EduHPC56719.2022.00006}}

