@inproceedings{jiang2024peatmoss,
      title={PeaTMOSS: A Dataset and Initial Analysis of Pre-Trained Models in Open-Source Software}, 
      author={Wenxin Jiang and Jerin Yasmin and Jason Jones and Nicholas Synovic and Jiashen Kuo and Nathaniel Bielanski and Yuan Tian and George K. Thiruvathukal and James C. Davis},
      booktitle = {Mining Software Repositories 2024 (MSR 2024)},
      year={2024},
      eprint={2402.00699},
      archivePrefix={arXiv},
      primaryClass={cs.SE},
      url={https://ecommons.luc.edu/cs_facpubs/362/},
      pdf={https://ecommons.luc.edu/cs_facpubs/362/}
}
