@INPROCEEDINGS{10564816,
  author={Ahlgren, Isaac and West, Jack and Lee, Kyuin and Thiruvathukal, George and Klingensmith, Neil},
  booktitle={2024 IEEE Workshop on Design Automation for CPS and IoT (DESTION)}, 
  title={A Signal Injection Attack Against Zero Involvement Pairing and Authentication for the Internet of Things}, 
  year={2024},
  volume={},
  number={},
  pages={9-15},
  keywords={Performance evaluation;Design automation;Working environment noise;Conferences;Authentication;Prediction algorithms;Internet of Things;Internet of Things (IoT);Cybersecurity;Zero Involvement Pairing and Authentication},
  doi={10.1109/DESTION62938.2024.00008}}

