@INPROCEEDINGS{10607044,
  author={Juarez, Maddie and Barragan, Natali and Hall, Deborah L. and Thiruvathukal, George K. and Silva, Yasin N.},
  booktitle={2024 IEEE World Forum on Public Safety Technology (WFPST)}, 
  title={ActionPoint: An App to Combat Cyberbullying by Strengthening Parent-Teen Relationships}, 
  year={2024},
  volume={},
  number={},
  pages={99-103},
  keywords={Addiction;Cyberbullying;Psychology;Depression;Public security;Mobile applications;cyberbullying;anti-bullying tools;social networks;social media;parents;teens;mobile applications},
  doi={10.1109/WFPST58552.2024.00008}}

