@INPROCEEDINGS{10637364,
  author={Juraev, Firuz and Abuhamad, Mohammed and Chan-Tin, Eric and Thiruvathukal, George K. and Abuhmed, Tamer},
  booktitle={2024 Silicon Valley Cybersecurity Conference (SVCC)}, 
  title={Unmasking the Vulnerabilities of Deep Learning Models: A Multi-Dimensional Analysis of Adversarial Attacks and Defenses}, 
  year={2024},
  volume={},
  number={},
  pages={1-8},
  keywords={Training;Deep learning;Analytical models;Surveillance;Noise;Closed box;Transform coding;Threat Analysis;Deep Learning;Black-box Attacks;Adversarial Perturbations;Defensive Techniques},
  doi={10.1109/SVCC61185.2024.10637364}}
