@INPROCEEDINGS{10637362,
  author={Juraev, Firuz and Abuhamad, Mohammed and Woo, Simon S. and Thiruvathukal, George K and Abuhmed, Tamer},
  booktitle={2024 Silicon Valley Cybersecurity Conference (SVCC)}, 
  title={The Impact of Model Variations on the Robustness of Deep Learning Models in Adversarial Settings}, 
  year={2024},
  volume={},
  number={},
  pages={1-7},
  keywords={Training;Analytical models;Surveillance;Noise;Pressing;Robustness;Stability analysis;Deep Learning;Model robustness;Adversarial Attacks;Defenses;Computer Vision},
  doi={10.1109/SVCC61185.2024.10637362}}

