@INPROCEEDINGS{10820585,
  author={Almeida, Clara J. and Guerrero-Pantoja, David and Pautsch, Erik and Rizzi, Silvio and Thiruvathukal, George K. and Pantoja, Maria},
  booktitle={SC24-W: Workshops of the International Conference for High Performance Computing, Networking, Storage and Analysis}, 
  title={Optimizing Uncertainty Estimation on Scientific Visualizations Using Learning Models}, 
  year={2024},
  volume={},
  number={},
  pages={387-393},
  keywords={Uncertainty;Statistical analysis;Atmospheric modeling;Computational modeling;Predictive models;Spatial databases;Numerical models;Reliability;Automotive components;Standards;uncertainty;deep learning;scientific visualization;ensemble learning;evidential learning},
  doi={10.1109/SCW63240.2024.00058}}

