@article{george_k_thiruvathukal_xml_2004,
 abbr = {Magazine},
 author = {Thiruvathukal, George K.},
 copyright = {Creative Commons Attribution-NonCommercial-ShareAlike 4.0 International License (CC-BY-NC-SA)},
 issn = {1521-9615},
 journal = {Computing in Science and Engineering},
 pages = {74--80},
 title = {{{XML}} and {{Computational Science}}},
 volume = {6},
 year = {2004},
 url = {https://ecommons.luc.edu/cs_facpubs/10/},
 pdf = {https://ecommons.luc.edu/cs_facpubs/10/},
}

