@article{george_k_thiruvathukal_plone_2004,
 abbr = {Magazine},
 author = {Thiruvathukal, George K. and LÃ¤ufer, Konstantin},
 copyright = {Creative Commons Attribution-NonCommercial-ShareAlike 4.0 International License (CC-BY-NC-SA)},
 issn = {1521-9615},
 journal = {Computing in Science and Engineering},
 number = {4},
 pages = {88--95},
 title = {Plone and Content Management},
 volume = {6},
 year = {2004},
 url = {https://ecommons.luc.edu/cs_facpubs/30/},
 pdf = {https://ecommons.luc.edu/cs_facpubs/30/},
}

