@article{george_k_thiruvathukal_natural_2004,
 abbr = {Magazine},
 author = {Thiruvathukal, George K. and LÃ¤ufer, Konstantin},
 copyright = {Creative Commons Attribution-NonCommercial-ShareAlike 4.0 International License (CC-BY-NC-SA)},
 issn = {1521-9615},
 journal = {Computing in Science and Engineering},
 pages = {86--92},
 title = {Natural {{XML}} for {{Data Binding}}, {{Processing}}, and {{Persistence}}},
 volume = {6},
 year = {2004},
 url = {https://ecommons.luc.edu/cs_facpubs/9/},
 pdf = {https://ecommons.luc.edu/cs_facpubs/9/},

}

