@article{george_k_thiruvathukal_gentoo_2004,
 author = {Thiruvathukal, George K.},
 copyright = {Creative Commons Attribution-NonCommercial-ShareAlike 4.0 International License (CC-BY-NC-SA)},
 issn = {1521-9615},
 journal = {Computing in Science and Engineering},
 number = {5},
 pages = {66--74},
 shorttitle = {Gentoo Linux},
 title = {Gentoo Linux: The next Generation of Linux},
 volume = {6},
 year = {2004},
 url = {https://ecommons.luc.edu/cs_facpubs/31/},
 pdf = {https://ecommons.luc.edu/cs_facpubs/31/},
}

