@article{george_k_thiruvathukal_cluster_2005,
 abbr = {Magazine},
 author = {Thiruvathukal, George K.},
 copyright = {Creative Commons Attribution-NonCommercial-ShareAlike 4.0 International License (CC-BY-NC-SA)},
 issn = {1521-9615},
 journal = {Computing in Science and Engineering},
 number = {2},
 pages = {11--13},
 title = {Cluster {{Computing}}},
 volume = {7},
 year = {2005},
 url = {https://ecommons.luc.edu/cs_facpubs/47/},
 pdf = {https://ecommons.luc.edu/cs_facpubs/47/},

}

