@article{george_k_thiruvathukal_unit_2006,
 abbr = {Magazine},
 author = {Thiruvathukal, George K. and Läufer, Konstantin and González, Benjamin},
 copyright = {Creative Commons Attribution-NonCommercial-ShareAlike 4.0 International License (CC-BY-NC-SA)},
 issn = {1521-9615},
 journal = {Computing in Science and Engineering},
 number = {6},
 pages = {76--87},
 title = {Unit {{Testing Considered Useful}}},
 volume = {8},
 year = {2006},
 url = {https://ecommons.luc.edu/cs_facpubs/33/},
 pdf = {https://ecommons.luc.edu/cs_facpubs/33/},
}

