@article{george_k_thiruvathukal_home_2006,
 abbr = {Magazine},
 author = {Thiruvathukal, George K.},
 copyright = {Creative Commons Attribution-NonCommercial-ShareAlike 4.0 International License (CC-BY-NC-SA)},
 issn = {1521-9615},
 journal = {Computing in Science and Engineering},
 number = {1},
 pages = {84--91},
 title = {Home {{Networking}}},
 volume = {8},
 year = {2006},
 url = {https://ecommons.luc.edu/cs_facpubs/32/},
 pdf = {https://ecommons.luc.edu/cs_facpubs/32/},
}

