@article{george_k_thiruvathukal_project_2007,
 author = {Thiruvathukal, George K.},
 copyright = {Creative Commons Attribution-NonCommercial-ShareAlike 4.0 International License (CC-BY-NC-SA)},
 issn = {1521-9615},
 journal = {Computing in Science and Engineering},
 number = {2},
 pages = {70--75},
 shorttitle = {Project Hosting},
 title = {Project {{Hosting}}: {{Expanding}} the {{Scientific Programmer}}'s {{Toolbox}}},
 volume = {9},
 year = {2007},
 url = {https://ecommons.luc.edu/cs_facpubs/34/},
 pdf = {https://ecommons.luc.edu/cs_facpubs/34/},
}

