@article{konstantin_laufer_hike_2007,
 abbr = {Magazine},
 abstract = {By incorporating automated component, integration, and acceptance testing into the various tiers of a lightweight lava 2 Enterprise Edition (J2EE) Web application architecture, developers can shorten the development cycle and increase the quality of their work},
 author = {Läufer, Konstantin and Thiruvathukal, George K. and González, Benjamin},
 copyright = {Creative Commons Attribution-NonCommercial-ShareAlike 4.0 International License (CC-BY-NC-SA)},
 issn = {1521-9615},
 journal = {Computing in Science and Engineering},
 number = {1},
 title = {A Hike through a Post-EJB J2EE Web Application Architecture, Part III},
 volume = {9},
 year = {2007},
 url = {https://ecommons.luc.edu/cs_facpubs/263/},
 pdf = {https://ecommons.luc.edu/cs_facpubs/263/},
}

