@article{kaylor_virtual_2008,
 abbr = {Magazine},
 author = {Kaylor, Joe P. and Thiruvathukal, George K.},
 copyright = {Creative Commons Attribution-NonCommercial-ShareAlike 4.0 International License (CC-BY-NC-SA)},
 issn = {1521-9615},
 journal = {Computing in Science and Engineering},
 number = {2},
 pages = {65--69},
 title = {A {{Virtual Computing Laboratory}}},
 volume = {10},
 year = {2008},
 pdf = {https://ecommons.luc.edu/cs_facpubs/22/},
 url = {https://ecommons.luc.edu/cs_facpubs/22/},

}

