@article{george_k_thiruvathukal_if_2008,
 author = {Thiruvathukal, George K.},
 copyright = {Creative Commons Attribution-NonCommercial-ShareAlike 4.0 International License (CC-BY-NC-SA)},
 issn = {1521-9615},
 journal = {Computing in Science and Engineering},
 number = {2},
 pages = {62--64},
 title = {If We Build It, Will They Come?},
 volume = {10},
 year = {2008},
 url = {https://ecommons.luc.edu/cs_facpubs/13/},
 pdf = {https://ecommons.luc.edu/cs_facpubs/13/},
}

