@article{bill_feiereisen_at_2008,
 author = {Feireisen, Bill and Thiruvathukal, George K.},
 copyright = {Creative Commons Attribution-NonCommercial-ShareAlike 4.0 International License (CC-BY-NC-SA)},
 issn = {1521-9615},
 journal = {Computing in Science and Engineering},
 note = {OCLC: 222595476},
 number = {2},
 pages = {60--64},
 title = {At {{Issue}}},
 volume = {10},
 year = {2008},
 url = {https://ecommons.luc.edu/cs_facpubs/13/},
 pdf = {https://ecommons.luc.edu/cs_facpubs/13/},
}

