@article{george_k_thiruvathukal_what_2008,
 abbr = {Magazine},
 author = {Thiruvathukal, George K. and LÃ¤ufer, Konstantin},
 copyright = {Creative Commons Attribution-NonCommercial-ShareAlike 4.0 International License (CC-BY-NC-SA)},
 issn = {1521-9615},
 journal = {Computing in Science and Engineering},
 number = {6},
 pages = {76--81},
 title = {What I Did on My Summer Vacation},
 volume = {10},
 year = {2008}
}

