@article{george_k_thiruvathukal_introducing_2009,
 abbr = {Magazine},
 author = {Thiruvathukal, George K.},
 copyright = {Creative Commons Attribution-NonCommercial-ShareAlike 4.0 International License (CC-BY-NC-SA)},
 issn = {1521-9615},
 journal = {Computing in Science and Engineering},
 number = {4},
 pages = {8--10},
 title = {Introducing {{Computing Now}}},
 volume = {11},
 year = {2009},
 url = {https://ecommons.luc.edu/cs_facpubs/24/},
 pdf = {https://ecommons.luc.edu/cs_facpubs/24/},
}

