@article{k_laufer_putting_2009,
 abbr = {Magazine},
 author = {Läufer, Konstantin and Thiruvathukal, George K. and Nishimura, Ryohei and Martínez-Eiroa, Carlos Ramírez},
 copyright = {Creative Commons Attribution-NonCommercial-ShareAlike 4.0 International License (CC-BY-NC-SA)},
 issn = {1521-9615},
 journal = {Computing in Science and Engineering},
 number = {2},
 pages = {62--68},
 title = {Putting a {{Slug}} to {{Work}}},
 volume = {11},
 year = {2009},
 url = {https://ecommons.luc.edu/cs_facpubs/23/},
 pdf = {https://ecommons.luc.edu/cs_facpubs/23/},
}

