@article{george_k_thiruvathukal_computational_2009,
 author = {Thiruvathukal, George K.},
 copyright = {Creative Commons Attribution-NonCommercial-ShareAlike 4.0 International License (CC-BY-NC-SA)},
 issn = {1521-9615},
 journal = {Computing in Science and Engineering},
 number = {6},
 pages = {4--4},
 title = {Computational {{Thinking}} ... and {{Doing}}},
 volume = {11},
 year = {2009},
 url = {https://ecommons.luc.edu/cs_facpubs/26/},
 pdf = {https://ecommons.luc.edu/cs_facpubs/26/},

}

