@article{konrad_hinsen_essential_2009,
 abbr = {Magazine},
 author = {Hinsen, Konrad and LÃ¤ufer, Konstantin and Thiruvathukal, George K.},
 copyright = {Creative Commons Attribution-NonCommercial-ShareAlike 4.0 International License (CC-BY-NC-SA)},
 issn = {1521-9615},
 journal = {Computing in Science and Engineering},
 number = {6},
 pages = {84--91},
 shorttitle = {Essential {{Tools}}},
 title = {Essential {{Tools}}: {{Version Control Systems}}},
 volume = {11},
 year = {2009},
 url = {https://ecommons.luc.edu/cs_facpubs/27/},
 pdf = {https://ecommons.luc.edu/cs_facpubs/27/},
}

