@article{laufer_scientific_2009,
 abbr = {Magazine},
 author = {LÃ¤ufer, Konstantin and Thiruvathukal, George K.},
 copyright = {Creative Commons Attribution-NonCommercial-ShareAlike 4.0 International License (CC-BY-NC-SA)},
 issn = {1521-9615},
 journal = {Computing in Science and Engineering},
 number = {5},
 pages = {68--75},
 shorttitle = {Scientific {{Programming}}},
 title = {Scientific {{Programming}}: {{The Promises}} of {{Typed}}, {{Pure}}, and {{Lazy Functional Programming}}: {{Part II}}},
 volume = {11},
 year = {2009},
 url = {https://ecommons.luc.edu/cs_facpubs/25/},
 pdf = {https://ecommons.luc.edu/cs_facpubs/25/},
}

