@article{george_k_thiruvathukal_your_2010,
 abbr = {Magazine},
 author = {Thiruvathukal, George K.},
 copyright = {Creative Commons Attribution-NonCommercial-ShareAlike 4.0 International License (CC-BY-NC-SA)},
 issn = {1521-9615},
 journal = {Computing in Science and Engineering},
 number = {4},
 pages = {5--6},
 title = {Your {{Local Cloud}}-{{Enabled Library}}},
 volume = {12},
 year = {2010},
 url = {https://ecommons.luc.edu/cs_facpubs/17/},
 pdf = {https://ecommons.luc.edu/cs_facpubs/17/},
}

