@article{laufer_moving_2011,
 abbr = {Magazine},
 author = {LÃ¤ufer, Konstantin and Thiruvathukal, George K. and Dennis, David B.},
 copyright = {Creative Commons Attribution-NonCommercial-ShareAlike 4.0 International License (CC-BY-NC-SA)},
 issn = {1521-9615},
 journal = {Computing in Science and Engineering},
 number = {5},
 pages = {84--89},
 shorttitle = {Moving Academic Department Functions to Social Networks and Clouds},
 title = {Moving {{Academic Department Functions}} to {{Social Networks}} and {{Clouds}}: {{Initial Experiences}}},
 volume = {13},
 year = {2011},
 url = {https://ecommons.luc.edu/cs_facpubs/144/},
 pdf = {https://ecommons.luc.edu/cs_facpubs/144/},
}

