@article{george_k_thiruvathukal_books_2011,
 abstract = {Two books are reviewed in this issue.},
 author = {Thiruvathukal, George K.},
 copyright = {Creative Commons Attribution-NonCommercial-ShareAlike 4.0 International License (CC-BY-NC-SA)},
 issn = {1521-9615},
 journal = {Computing in Science and Engineering},
 number = {1},
 pages = {5--8},
 shorttitle = {{Book Review: Networks, Crowds, and Markets}},
 title = {{Books [reviews of "Networks, Crowds, and Markets: Reasoning about a Highly-Connected World; Easley, D. and Kleinberg, J.; 2010 and "Introduction to High Performance Computing for Scientists and Engineers"; Hager, G. and Wellein, G.; 2011)]}},
 volume = {13},
 year = {2011},
 url = {https://ecommons.luc.edu/cs_facpubs/264/},
 pdf = {https://ecommons.luc.edu/cs_facpubs/264/},
}

