@article{george_k_thiruvathukal_beyond_2011,
 abbr = {Magazine},
 author = {Thiruvathukal, George K.},
 copyright = {Creative Commons Attribution-NonCommercial-ShareAlike 4.0 International License (CC-BY-NC-SA)},
 issn = {1521-9615},
 journal = {Computing in Science and Engineering},
 number = {3},
 pages = {4--5},
 title = {Beyond {{CiSE}} and {{Back}} to the {{Future}}},
 volume = {13},
 year = {2011},
 url = {https://ecommons.luc.edu/cs_facpubs/18/},
 pdf = {https://ecommons.luc.edu/cs_facpubs/18/},
}

