@article{george_k_thiruvathukal_accelerating_2012,
 abbr = {Magazine},
 author = {Thiruvathukal, George K.},
 copyright = {Creative Commons Attribution-NonCommercial-ShareAlike 4.0 International License (CC-BY-NC-SA)},
 issn = {1521-9615},
 journal = {Computing in Science and Engineering},
 number = {4},
 pages = {4--5},
 title = {Accelerating {{Learning}} with {{Distance Education}} and {{Open Courseware}}},
 volume = {14},
 year = {2012},
 url = {https://ecommons.luc.edu/cs_facpubs/259/},
 pdf = {https://ecommons.luc.edu/cs_facpubs/259/},
}

