@article{george_k_thiruvathukal_digging_2012,
 author = {Thiruvathukal, George K.},
 copyright = {Creative Commons Attribution-NonCommercial-ShareAlike 4.0 International License (CC-BY-NC-SA)},
 issn = {1521-9615},
 journal = {Computing in Science and Engineering},
 number = {2},
 pages = {4--5},
 title = {Digging into {{Data}}},
 volume = {14},
 year = {2012},
 url = {https://ecommons.luc.edu/cs_facpubs/265/},
 pdf = {https://ecommons.luc.edu/cs_facpubs/265/},
}

