@article{dejan_milojicic_innovation_2012,
 author = {Milojicic, Dejan and Arlitt, Martin and Seligmann, Doree D. and Thiruvathukal, George K. and Timmerer, Christian},
 copyright = {Creative Commons Attribution-NonCommercial-ShareAlike 4.0 International License (CC-BY-NC-SA)},
 issn = {0018-9162},
 journal = {Computer},
 number = {9},
 pages = {101--105},
 shorttitle = {Innovation {{Mashups}}},
 title = {Innovation {{Mashups}}: {{Academic Rigor Meets Social Networking Buzz}}},
 volume = {45},
 year = {2012},
 url = {https://ecommons.luc.edu/cs_facpubs/72/},
 pdf = {https://ecommons.luc.edu/cs_facpubs/72/},
}

