@article{george_k_thiruvathukal_cloud_2013,
 abbr = {Magazine},
 author = {Thiruvathukal, George K. and Parashar, Manish},
 copyright = {Creative Commons Attribution-NonCommercial-ShareAlike 4.0 International License (CC-BY-NC-SA)},
 issn = {1521-9615},
 journal = {Computing in Science and Engineering},
 number = {4},
 pages = {8--9},
 title = {Cloud {{Computing}} [{{Guest Editors}}' {{Introduction}}]},
 volume = {15},
 year = {2013},
 url = {https://ecommons.luc.edu/cs_facpubs/131/},
 pdf = {https://ecommons.luc.edu/cs_facpubs/131/},
}

