@article{george_k_thiruvathukal_productivity_2013,
 abbr = {Magazine},
 author = {Thiruvathukal, George K.},
 copyright = {Creative Commons Attribution-NonCommercial-ShareAlike 4.0 International License (CC-BY-NC-SA)},
 issn = {1521-9615},
 journal = {Computing in Science and Engineering},
 number = {3},
 pages = {4--5},
 title = {Productivity in the {{Cognitive Overload Era}}},
 volume = {15},
 year = {2013},
 url = {https://ecommons.luc.edu/cs_facpubs/136/},
 pdf = {https://ecommons.luc.edu/cs_facpubs/136/},
}

