@article{george_k_thiruvathukal_computational_2013,
 abbr = {Magazine},
 author = {Thiruvathukal, George K.},
 copyright = {Creative Commons Attribution-NonCommercial-ShareAlike 4.0 International License (CC-BY-NC-SA)},
 issn = {1521-9615},
 journal = {Computing in Science and Engineering},
 number = {2},
 pages = {4--5},
 title = {Computational {{Science}}, {{Demystified}} - the {{Future}}, {{Revealed}}  and {{CiSE}}, 2013},
 volume = {15},
 year = {2013},
 url = {https://ecommons.luc.edu/cs_facpubs/135/},
 pdf = {https://ecommons.luc.edu/cs_facpubs/135/},
}

