@article{george_k_thiruvathukal_whats_2013,
 author = {Thiruvathukal, George K.},
 copyright = {Creative Commons Attribution-NonCommercial-ShareAlike 4.0 International License (CC-BY-NC-SA)},
 issn = {1521-9615},
 journal = {Computing in Science and Engineering},
 number = {4},
 pages = {4--5},
 title = {What's in an {{Algorithm}}?},
 volume = {15},
 year = {2013},
 url = {https://ecommons.luc.edu/cs_facpubs/130/},
 pdf = {https://ecommons.luc.edu/cs_facpubs/130/},
}

