@article{manish_parashar_extreme_2014,
 abbr = {Magazine},
 author = {Parashar, Manish and Thiruvathukal, George K.},
 copyright = {Creative Commons Attribution-NonCommercial-ShareAlike 4.0 International License (CC-BY-NC-SA)},
 issn = {1521-9615},
 journal = {Computing in Science and Engineering},
 number = {4},
 pages = {8--10},
 title = {Extreme {{Data}} [{{Guest Editors}}' {{Introduction}}]},
 volume = {16},
 year = {2014},
 url = {https://ecommons.luc.edu/cs_facpubs/131/},
 pdf = {https://ecommons.luc.edu/cs_facpubs/131/},
}

