@article{george_k_thiruvathukal_what_2014,
 abbr = {Magazine},
 author = {Thiruvathukal, George K.},
 copyright = {Creative Commons Attribution-NonCommercial-ShareAlike 4.0 International License (CC-BY-NC-SA)},
 issn = {1521-9615},
 journal = {Computing in Science and Engineering},
 number = {2},
 pages = {4--6},
 title = {What We Publish in {{CiSE}}},
 volume = {16},
 year = {2014},
 url = {https://ecommons.luc.edu/cs_facpubs/132/},
 pdf = {https://ecommons.luc.edu/cs_facpubs/132/},
}

