@article{andy_terrel_scientific_2015,
 abbr = {Magazine},
 author = {Terrel, Andy and Tobis, Michael and Thiruvathukal, George K.},
 copyright = {Creative Commons Attribution-NonCommercial-ShareAlike 4.0 International License (CC-BY-NC-SA)},
 issn = {1521-9615},
 journal = {Computing in Science and Engineering},
 number = {1},
 pages = {8--10},
 title = {Scientific {{Software Communities}}},
 volume = {17},
 year = {2015},
 url = {https://ecommons.luc.edu/cs_facpubs/262/},
 pdf = {https://ecommons.luc.edu/cs_facpubs/262/},
}

