@article{george_k_thiruvathukal_next_2015,
 abbr = {Magazine},
 author = {Thiruvathukal, George K.},
 copyright = {Creative Commons Attribution-NonCommercial-ShareAlike 4.0 International License (CC-BY-NC-SA)},
 issn = {1521-9615},
 journal = {Computing in Science and Engineering},
 number = {1},
 pages = {4--5},
 title = {The {{Next Generation}} of {{Computational Science}} and {{Engineering}}},
 volume = {17},
 year = {2015},
 doi = {10.1109/MCSE.2015.26},
 url = {https://ecommons.luc.edu/cs_facpubs/258/},
 pdf = {https://ecommons.luc.edu/cs_facpubs/258/},
 html = {https://ecommons.luc.edu/cs_facpubs/258/},
}

