@article{george_k_thiruvathukal_all-digital_2015,
 author = {Thiruvathukal, George K.},
 copyright = {Creative Commons Attribution-NonCommercial-ShareAlike 4.0 International License (CC-BY-NC-SA)},
 issn = {1521-9615},
 journal = {Computing in Science and Engineering},
 number = {3},
 pages = {4--5},
 title = {The {{All}}-{{Digital Future}} and {{Digital CiSE}}},
 volume = {17},
 year = {2015},
 url = {https://ecommons.luc.edu/cs_facpubs/260/},
 pdf = {https://ecommons.luc.edu/cs_facpubs/260/},
}

