@article{george_k_thiruvathukal_cloudy_2015,
 author = {Thiruvathukal, George K.},
 copyright = {Creative Commons Attribution-NonCommercial-ShareAlike 4.0 International License (CC-BY-NC-SA)},
 journal = {Computing in Science and Engineering},
 title = {Cloudy with a {{Chance}} of {{Sunshine}}, or the {{Future}} of {{Magazine Publishing}} ({{Article}}, 2015) [{{WorldCat}}.Org]},
 year = {2015},
 url = {https://ecommons.luc.edu/cs_facpubs/124/},
 pdf = {https://ecommons.luc.edu/cs_facpubs/124/},
}

