@article{george_k_thiruvathukal_fin_2016,
 author = {Thiruvathukal, George K.},
 copyright = {Creative Commons Attribution-NonCommercial-ShareAlike 4.0 International License (CC-BY-NC-SA)},
 issn = {1521-9615},
 journal = {Computing in Science and Engineering},
 number = {6},
 pages = {4--6},
 title = {El {{Fin}}},
 volume = {18},
 year = {2016},
 url = {https://ecommons.luc.edu/cs_facpubs/123/},
 pdf = {https://ecommons.luc.edu/cs_facpubs/123/},
 html = {https://ecommons.luc.edu/cs_facpubs/123/},
}

