@article{george_k_thiruvathukal_beyond_2016,
 abbr = {Magazine},
 author = {Thiruvathukal, George K.},
 journal = {EdTech Digest},
 title = {Beyond {{Pythagoras}}},
 year = {2016},
 url = {https://ecommons.luc.edu/cs_facpubs/121/},
 pdf = {https://ecommons.luc.edu/cs_facpubs/121/},
 html = {https://ecommons.luc.edu/cs_facpubs/121/},
}

