@article{tiffany_barnes_need_2016,
 abbr = {Magazine},
 author = {Barnes, Tiffany and Thiruvathukal, George K.},
 copyright = {Creative Commons Attribution-NonCommercial-ShareAlike 4.0 International License (CC-BY-NC-SA)},
 issn = {0001-0782},
 journal = {Communications of the ACM},
 number = {3},
 pages = {33--34},
 title = {The {{Need}} for {{Research}} in {{Broadening Participation}}},
 volume = {59},
 year = {2016},
 url = {https://ecommons.luc.edu/cs_facpubs/129/},
 pdf = {https://ecommons.luc.edu/cs_facpubs/129/},
 html = {https://ecommons.luc.edu/cs_facpubs/129/},
}

