@article{tiffany_barnes_best_2016,
 author = {Barnes, Tiffany and Payton, Jamie and Thiruvathukal, George K. and Boyer, Kristy Elizabeth and Forbes, Jeffrey},
 copyright = {Creative Commons Attribution-NonCommercial-ShareAlike 4.0 International License (CC-BY-NC-SA)},
 issn = {1521-9615},
 journal = {Computing in Science and Engineering},
 number = {3},
 pages = {11--13},
 title = {Best of {{RESPECT}}, {{Part}} 2},
 volume = {18},
 year = {2016},
 url = {https://ecommons.luc.edu/cs_facpubs/125/},
 pdf = {https://ecommons.luc.edu/cs_facpubs/125/},
 html = {https://ecommons.luc.edu/cs_facpubs/125/},
}

