@article{george_f_hurlburt_graph_2017,
 author = {Hurlburt, George F. and Thiruvathukal, George K. and Lee, Maria R.},
 copyright = {Creative Commons Attribution-NonCommercial-ShareAlike 4.0 International License (CC-BY-NC-SA)},
 issn = {1520-9202},
 journal = {IT Professional},
 number = {6},
 pages = {21--25},
 shorttitle = {The {{Graph Database}}},
 title = {The Graph Database: Jack of All Trades or Just Not SQL?},
 volume = {19},
 year = {2017},
 url = {https://ecommons.luc.edu/cs_facpubs/187/},
 pdf = {https://ecommons.luc.edu/cs_facpubs/187/},
 html = {https://ecommons.luc.edu/cs_facpubs/187/},
}

