@article{lorena_a_barba_reproducible_2017,
 author = {Barba, Lorena A. and Thiruvathukal, George K.},
 copyright = {Creative Commons Attribution-NonCommercial-ShareAlike 4.0 International License (CC-BY-NC-SA)},
 issn = {1521-9615},
 journal = {Computing in Science and Engineering},
 number = {6},
 pages = {85--87},
 title = {Reproducible {{Research}} for {{Computing}} in {{Science}} \& {{Engineering}}},
 volume = {19},
 year = {2017},
 url = {https://ecommons.luc.edu/cs_facpubs/188/},
 pdf = {https://ecommons.luc.edu/cs_facpubs/188/},
 html = {https://ecommons.luc.edu/cs_facpubs/188/},
}

