@article{8291785,
 abbr = {Magazine},
 abstract = {Former CiSE EICs reflect on the magazineâ€™s 20th anniversary.},
 author = {Sullivan, Francis and Chonacky, Norman and Beichl, Isabel and Thiruvathukal, George K.},
 doi = {10.1109/MCSE.2018.011111118},
 issn = {1558-366X},
 journal = {Computing in Science Engineering},
 keywords = {anniversary;history of computing;Computing in Science & Engineering},
 month = {1},
 number = {1},
 pages = {3-7},
 title = {Former CiSE EICs Reflect on the Magazines 20th Anniversary},
 volume = {20},
 year = {2018},
 url = {https://ecommons.luc.edu/cs_facpubs/191/},
 pdf = {https://ecommons.luc.edu/cs_facpubs/191/},
 html = {https://ecommons.luc.edu/cs_facpubs/191/},
}

