@article{ComputerCAM2,
 abbr = {IEEE Magazine},
 abstract = {Millions of network cameras have been deployed worldwide. Real-time data from many network cameras can offer instant views of multiple locations for many applications. We describe the real-time data available from these cameras and potential applications.},
 author = {Y. {Lu} and G. K. {Thiruvathukal} and A. S. {Kaseb} and K. {Gauen} and D. {Rijhwani} and R. {Dailey} and D. {Malik} and Y. {Huang} and S. {Aghajanzadeh} and M. M. {Guo}},
 doi = {10.1109/MC.2019.2906841},
 issn = {1558-0814},
 journal = {Computer},
 keywords = {cameras;network cameras;Cameras;IP networks;Urban areas;Real-time systems;Streaming media;Internet;Visualization},
 month = {10},
 number = {10},
 pages = {30-40},
 pdf = {http://ecommons.luc.edu/cs_facpubs/215},
 selected = {true},
 title = {See the World Through Network Cameras},
 volume = {52},
 year = {2019},
 url = {https://ecommons.luc.edu/cs_facpubs/215/},
 pdf = {https://ecommons.luc.edu/cs_facpubs/215/},
 html = {http://ecommons.luc.edu/cs_facpubs/215/},
}

