@ARTICLE{9755195,
abbr = {Magazine},
selected = {true},
  author={Thiruvathukal, George K. and Lu, Yung-Hsiang},
  journal={Computer}, 
  title={Efficient Computer Vision for Embedded Systems}, 
  year={2022},
  volume={55},
  number={4},
  pages={15-19},
  doi={10.1109/MC.2022.3145677}}
