@ARTICLE{9935301,
  author={Goel, Abhinav and Tung, Caleb and Eliopoulos, Nick and Wang, Amy and Davis, James C. and Thiruvathukal, George K. and Lu, Yung-Hsiang},
  journal={IEEE Design and Test}, 
  title={Tree-based Unidirectional Neural Networks for Low-Power Computer Vision}, 
  year={2022},
  volume={},
  number={},
  pages={1-1},
  url={https://ecommons.luc.edu/cs_facpubs/317/},
  doi={10.1109/MDAT.2022.3217016}}
