@ARTICLE{9778276,
abbr = {Magazine},
selected = {true},
author={Tung, Caleb and Goel, Abhinav and Bordwell, Fischer and Eliopoulos, Nick John and Hu, Xiao and Thiruvathukal, George K and Lu, Yung-Hsiang},
journal={IEEE MultiMedia}, 
title={Why Accuracy Is Not Enough: The Need for Consistency in Object Detection},
year={2022},
volume={},
number={},
pages={1-1},
doi={10.1109/MMUL.2022.3175239}
}
