@ARTICLE{9778276,
 author={Tung, Caleb and Goel, Abhinav and Bordwell, Fischer and Eliopoulos, Nick and Hu, Xiao and Lu, Yung-Hsiang and Thiruvathukal, George K.},
 journal={IEEE MultiMedia},
 title={Why Accuracy is Not Enough: The Need for Consistency in Object Detection},
 year={2022},
 volume={29},
 number={3},
 pages={8-16},
 doi={10.1109/MMUL.2022.3175239}}
