@ARTICLE{9935301,
  author={Goel, Abhinav and Tung, Caleb and Eliopoulos, Nick and Thiruvathukal, George K. and Wang, Amy and Lu, Yung-Hsiang and Davis, James C.},
  journal={IEEE Design and Test}, 
  title={Tree-Based Unidirectional Neural Networks for Low-Power Computer Vision}, 
  year={2023},
  volume={40},
  number={3},
  pages={53-61},
  doi={10.1109/MDAT.2022.3217016}}

