@ARTICLE{10058769,
  author={Allcroft, Shane and Metwaly, Mohammed and Berg, Zachery and Ghodgaonkar, Isha and Bordwell, Fischer and Zhao, Xinxin and Liu, Xinglei and Xu, Jiahao and Chakraborty, Subhankar and Banna, Vishnu and Chinnakotla, Akhil and Goel, Abhinav and Tung, Caleb and Kao, Gore and Zakharov, Wei and Shoham, David A. and Thiruvathukal, George K. and Lu, Yung-Hsiang},
  journal={Computer}, 
  title={Observing Human Mobility Internationally During COVID-19}, 
  year={2023},
  volume={56},
  number={3},
  pages={59-69},
  doi={10.1109/MC.2022.3175751}}

