@ARTICLE{10687332,
  author={Fister, Theresa and Thiruvathukal, George K.},
  journal={Computer}, 
  title={Artificial Intelligence Employment Interviews: Examining Limitations, Biases, and Perceptions}, 
  year={2024},
  volume={57},
  number={10},
  pages={76-81},
  keywords={Artificial intelligence;Employment;Training;Quality assessment;Software quality;Business},
  doi={10.1109/MC.2024.3404669}}

