@book{christopher_thiruvathukal_hpjpc_2000,
 author = {Christopher, Thomas W. and Thiruvathukal, George K.},
 copyright = {Creative Commons Attribution-NonCommercial-ShareAlike 4.0 International License (CC-BY-NC-SA)},
 isbn = {978-0-13-016164-2},
 publisher = {Prentice Hall PTR and Sun Microsystems Press},
 shorttitle = {High {Performance Java Computing}},
 title = {High Performance Java Computing: Multi-Threaded and Networked Programming},
 year = {2000},
 url = {https://ecommons.luc.edu/cs_facpubs/3/},
 html = {https://ecommons.luc.edu/cs_facpubs/3/},
 pdf = {https://ecommons.luc.edu/cs_facpubs/3/},
}

