@book{jones_thiruvathukal_wii_2012,
 author = {Jones, Steven E. and Thiruvathukal, George K.},
 copyright = {Creative Commons Attribution-NonCommercial-ShareAlike 4.0 International License (CC-BY-NC-SA)},
 publisher = {{MIT Press}},
 shorttitle = {{Codename Revolution}},
 title = {{Codename Revolution: The Nintendo WII Platform (Platform Studies)}},
 year = {2012},
 isbn = {978-0-26-201680-3},
 url = {https://mitpress.mit.edu/books/codename-revolution},
}

