@book{crc-lpcv-2022,
 abbr = {Books},
 abstract = {Energy efficiency is critical for running computer vision on battery-powered systems, such as mobile phones or UAVs (unmanned aerial vehicles, or drones). This book collects the methods that have won the annual IEEE Low-Power Computer Vision Challenges since 2015. The winners share their solutions and provide insight on how to improve the efficiency of machine learning systems.},
 author = {Thiruvathukal, George K. and Lu, Yung-Hsiang and Kim, Jaeyoun and Chen, Yiran and Chen, Bo},
 isbn = {978-0367744700},
 publisher = {{Chapman and Hall/CRC Press}},
 title = {{Low-Power Computer Vision: Improve the Efficiency of Artificial Intelligence}},
 year = {2022},
 url = {https://ecommons.luc.edu/cs_facpubs/281/},
 pdf = {https://ecommons.luc.edu/cs_facpubs/281/},
 website = {https://www.routledge.com/Low-Power-Computer-Vision-Improve-the-Efficiency-of-Artificial-Intelligence/Thiruvathukal-Lu-Kim-Chen-Chen/p/book/9780367744700},
}

