@incollection{CloudBookRestFS,
  author = {Kaylor, Joseph P. and LÃ¤ufer, Konstantin and Thiruvathukal, George K.},
  title = {RestFS: The Filesystem as a Connector Abstraction for Flexible Resource and Service Composition},
  editor      = {Wang, Lizhe and Ranjan, Rajiv and Chen, Jinjun and Benatallah, Boualem},
  booktitle = {Cloud Computing: Methodology, System, and Applications},
  publisher   = {CRC Press},
  year        = {2011},
  isbn = {978-1439856413}
}
