@article{gregor_von_laszewski_making_2000,
 abbr = {Journal},
 author = {von Laszewski, Gregor and Thiruvathukal, George K. and Foster, Ian},
 copyright = {Creative Commons Attribution-NonCommercial-ShareAlike 4.0 International License (CC-BY-NC-SA)},
 issn = {0926-9630},
 journal = {Future Generation Computing Systems (Elsevier)},
 pages = {195--213},
 shorttitle = {Making Large-Scale Telemedicine Work},
 title = {Making Large-Scale Telemedicine Work: A Computational Infrastructure for Telemedicine.},
 volume = {79},
 year = {2000}
}

