@Article{10542231,
author={Abdukhamidov, Eldor and Abuhamad, Mohammed and Thiruvathukal, George K. and Kim, Hyoungshick and Abuhmed, Tamer},
journal={IEEE Transactions on Information Forensics and Security},
title={SingleADV: Single-Class Target-Specific Attack Against Interpretable Deep Learning Systems},
year={2024},
volume={19},
number={},
pages={5985-5998},
keywords={Perturbation methods;Deep learning;Predictive models;Glass box;Closed box;Computational modeling;Data models;Convolutional neural networks;interpretation models;adversarial attack;adversarial perturbation;images},
doi={10.1109/TIFS.2024.3407652}}
