@article{Rai2024,
  author       = {Rai, A. and Held, M.~L. and Vidal de Haymes, M. and Tarokh, A. and Fro, S. and Farzam, F. and Levya-Cea, E. and Gomez, A.~S. and Juarez, M. and Thiruvathukal, G.~K. and Tallman, P.},
  title        = {AER for Stronger Communities: A Culturally Responsive Intervention for Afghan Evacuees [Brief Research Note, Under Review]},
  journal      = {Families in Society},
  year         = {2025},
  note         = {Manuscript submitted for publication},
}

