@misc{gcasr_2013_tablets,
 abbr = {Workshop},
 author = {Dias, Thomas Delgado and Yan, Xian and LÃ¤ufer, Konstantin and Thiruvathukal, George K.},
 copyright = {Creative Commons Attribution-NonCommercial-ShareAlike 4.0 International License (CC-BY-NC-SA)},
 shorttitle = {{GCASR 15}},
 title = {Building Capable, Energy-Efficient, Flexible Visualization and Sensing Clusters from Commodity Tablets},
 year = {2013},
 url = {https://ecommons.luc.edu/cs_facpubs/66/},
 pdf = {https://ecommons.luc.edu/cs_facpubs/66/},
 html = {https://ecommons.luc.edu/cs_facpubs/66/},
}
