@misc{gcasr_2013_environmental_data,
 abbr = {Workshop},
 author = {Stasiuk, Paul and LÃ¤ufer, Konstantin and Thiruvathukal, George K.},
 copyright = {Creative Commons Attribution-NonCommercial-ShareAlike 4.0 International License (CC-BY-NC-SA)},
 shorttitle = {GCASR 13},
 title = {Network Technologies Used to Aggregate Environmental Data},
 year = {2013},
 url = "https://ecommons.luc.edu/cs_facpubs/65/",
 pdf = {https://ecommons.luc.edu/cs_facpubs/65/},
 html = {https://ecommons.luc.edu/cs_facpubs/65/},
}
