@misc{juliet_k_brophy_quantitative_2015,
 address = {UCLA},
 author = {Brophy, Juliet K. and Matthews, Gregory J. and Thiruvathukal, George K.},
 title = {Quantitative {{Morphological Analysis}} of {{Bovid Teeth Using Elliptical Fourier Function Analyses}}},
 year = {2015}
}

