@misc{george_k_thiruvathukal_gcasr_2015,
 abbr = {Workshop},
 author = {Thiruvathukal, George K.},
 copyright = {Creative Commons Attribution-NonCommercial-ShareAlike 4.0 International License (CC-BY-NC-SA)},
 shorttitle = {{GCASR 15}},
 title = {{GCASR 15: Middleware for Collaborative Distributed/Mobile Applications: XMPP or Reactive HTTP?}},
 year = {2015}
}

