@misc{catherine_putonti_organised_2015,
 abbr = {Dataset},
 author = {Putonti, Catherine and Thiruvathukal, George K.},
 copyright = {Creative Commons Attribution-NonCommercial-ShareAlike 4.0 International License (CC-BY-NC-SA)},
 publisher = {{Figshare}},
 title = {Organised Genomic HIV and Pseudomonas Sequence Data},
 year = {2015},
 url = "https://figshare.com/articles/dataset/hivdb/1564844",
 month = {10},
 doi = "10.6084/m9.figshare.1564844.v3"
}
