@misc{woolf_2018,
 author = {Caughie, Pamela L. and Hayward, Nicholas J. and Hussey, Mark and Shillingsburg, Peter J. and Thiruvathukal, George K.},
 url = {http://woolfonline.com},
 title = {Woolf Online},
 year = {2018}
}

