@techreport{george_k_thiruvathukal_apt_2015,
 abbr = {User Manual},
 author = {Thiruvathukal, George K. and Verun, Ufuk},
 copyright = {Creative Commons Attribution-NonCommercial-ShareAlike 4.0 International License (CC-BY-NC-SA)},
 institution = {{Figshare}},
 title = {{Apt Compiler Toolkit (Legacy Document)}},
 year = {2015}
}

