@techreport{jeffrey_carver_collaborative_2016,
 abbr = {Report},
 author = {Carver, Jeffrey C. and Thiruvathukal, George K.},
 copyright = {Creative Commons Attribution-NonCommercial-ShareAlike 4.0 International License (CC-BY-NC-SA)},
 institution = {{Figshare}},
 shorttitle = {{Collaborative Research}},
 title = {{Collaborative Research: Making Software Engineering Work for Computational Science \& Engineering: An Integrated Approach}},
 year = {2016}
}

