@misc{thiruvathukal2019benchmarking,
 abbr = {ArXiv},
 archiveprefix = {arXiv},
 author = {Thiruvathukal, George K. and Christensen, Cameron and Jin, Xiaoyong and  Tessier, Fran√ßois and Vishwanath, Venkatram},
 eprint = {1904.11812},
 html = {https://ecommons.luc.edu/cs_facpubs/219/},
 pdf = {https://ecommons.luc.edu/cs_facpubs/219/},
 primaryclass = {cs.DC},
 title = {A Benchmarking Study to Evaluate Apache Spark on Large-Scale Supercomputers},
 year = {2019}
}

