@misc{west2020voltkey,
 abbr = {Tech Report},
 archiveprefix = {arXiv},
 author = {West, Jack and VoNguyen, Tien and Ahlgren, Isaac and Motyashok, Iryna and Thiruvathukal, George K. and Klingensmith, Neil},
 eprint = {2004.00092},
 html = {https://ecommons.luc.edu/cs_facpubs/245/},
 pdf = {https://arxiv.org/abs/2004.00092},
 primaryclass = {eess.SP},
 title = {VoltKey: Using Power Line Noise for Zero-Involvement Pairing and Authentication (Demo Abstract)},
 year = {2020}
}

