@misc{banna2021experience,
      abbr={Tech Report},
      title={An Experience Report on Machine Learning Reproducibility: Guidance for Practitioners and TensorFlow Model Garden Contributors}, 
      author={Vishnu Banna and Akhil Chinnakotla and Zhengxin Yan and Ani Vegesana and Naveen Vivek and Kruthi Krishnappa and Wenxin Jiang and Yung-Hsiang Lu and George K. Thiruvathukal and James C. Davis},
      year={2021},
      eprint={2107.00821},
      archivePrefix={arXiv},
      primaryClass={cs.SE},
      selected={true}
}
