@article{Hyatt2024,
author = "Matthew Hyatt and George K. Thiruvathukal and Daniel Moreira",
title = "{Robust Source Attribution of Synthetically Generated Western Blot Images}",
year = "2024",
month = "1",
url = "https://figshare.com/articles/journal_contribution/Robust_Source_Attribution_of_Synthetically_Generated_Western_Blot_Images/24954600",
doi = "10.6084/m9.figshare.24954600"
}
