@article{Fister2024,
author = "Theresa Fister and George K. Thiruvathukal",
title = "{Exploring Perceptions of Algorithmic Bias in Video Interviewing Software: The Importance of AI Hiring Education}",
year = "2024",
month = "2",
url = "https://figshare.com/articles/journal_contribution/Exploring_Perceptions_of_Algorithmic_Bias_in_Video_Interviewing_Software_The_Importance_of_AI_Hiring_Education/25200524",
doi = "10.6084/m9.figshare.25200524.v2"
}
