
@phdthesis{thiruvathukal_enhanced_1995,
	type = {{PhD} {Thesis}},
	title = {An {Enhanced} {Actors} {Model} and {Programming} {Environment} for {Parallel} and {Distributed} {Processing}},
	copyright = {Creative Commons Attribution-NonCommercial-ShareAlike 4.0 International License (CC-BY-NC-SA)},
	author = {Thiruvathukal, George K.},
	year = {1995},
}
